@inproceedings{kakade2008efficient,
  title={Efficient bandit algorithms for online multiclass prediction},
  author={Kakade, Sham M and Shalev-Shwartz, Shai and Tewari, Ambuj},
  booktitle={Proceedings of the 25th International Conference on Machine Learning},
  year={2008}
}
@inproceedings{bubeck2017kernel,
  title={Kernel-based methods for bandit convex optimization},
  author={Bubeck, S{\'e}bastien and Lee, Yin Tat and Eldan, Ronen},
  booktitle={Proceedings of the 49th Annual ACM SIGACT Symposium on Theory of Computing},
  pages={72--85},
  year={2017},
  organization={ACM}
}
@article{narayanan2013efficient,
  title={Efficient sampling from time-varying log-concave distributions},
  author={Narayanan, Hariharan and Rakhlin, Alexander},
  journal={arXiv preprint arXiv:1309.5977},
  year={2013}
}
@inproceedings{lovasz2006fast,
  title={Fast algorithms for logconcave functions: Sampling, rounding, integration and optimization},
  author={Lov{\'a}sz, L{\'a}szl{\'o} and Vempala, Santosh},
  booktitle={Foundations of Computer Science, 2006. FOCS'06. 47th Annual IEEE Symposium on},
  pages={57--68},
  year={2006},
  organization={IEEE}
}
@article{bubeck2015sampling,
  title={Sampling from a log-concave distribution with Projected Langevin Monte Carlo},
  author={Bubeck, S{\'e}bastien and Eldan, Ronen and Lehec, Joseph},
  journal={arXiv preprint arXiv:1507.02564},
  year={2015}
}

@article{hazan2007logarithmic,
  title={Logarithmic regret algorithms for online convex optimization},
  author={Hazan, Elad and Agarwal, Amit and Kale, Satyen},
  journal={Machine Learning},
  volume={69},
  number={2-3},
  pages={169--192},
  year={2007},
  publisher={Springer}
}