@Article{Auer-2003,
    Address       = {Philadelphia, PA, USA},
    Author        = {P. Auer and N. Cesa-Bianchi and Y. Freund and R. E. Schapire},
    Journal       = {SIAM J. Comput.},
    Month         = {January},
    Number        = {1},
    Numpages      = {30},
    Pages         = {48--77},
    Publisher     = {Society for Industrial and Applied Mathematics},
    Title         = {The Nonstochastic Multiarmed Bandit Problem},
    Volume        = {32},
    Year          = {2003},
}

@Article{Crammer-Dekel-Keshet-Shalev-Shwartz-Singer-2006,
    Author        = {Koby Crammer and Ofer Dekel and Joseph Keshet and Shai Shalev-Shwartz and Yoram Singer},
    Journal       = {Journal of Machine Learning Research},
    Number        = {Mar},
    Pages         = {551--585},
    Title         = {Online passive-aggressive algorithms},
    Volume        = {7},
    Year          = {2006},
}

@Article{Crammer-Gentile-2013,
    Author        = {Koby Crammer and Claudio Gentile},
    Journal       = {Machine learning},
    Number        = {3},
    Pages         = {347--383},
    Publisher     = {Springer},
    Title         = {Multiclass classification with bandit feedback using adaptive regularization},
    Volume        = {90},
    Year          = {2013},
}

@Article{Klivans-Servedio-2008,
    Author        = {Adam R. Klivans and Rocco A. Servedio},
    Journal       = {Journal of Computer and System Sciences},
    Number        = {1},
    Pages         = {35--48},
    Publisher     = {Elsevier},
    Title         = {Learning intersections of halfspaces with a margin},
    Volume        = {74},
    Year          = {2008},
}

@Article{Long-1995,
    Author        = {Philip M. Long},
    Journal       = {IEEE Transactions on Neural Networks},
    Number        = {6},
    Pages         = {1556--1559},
    Publisher     = {IEEE},
    Title         = {On the sample complexity of PAC learning half-spaces against the uniform distribution},
    Volume        = {6},
    Year          = {1995},
}

@Article{Mukherjee-Schapire-2013,
    Author        = {Indraneel Mukherjee and Robert E. Schapire},
    Journal       = {Journal of Machine Learning Research},
    Number        = {Feb},
    Pages         = {437--497},
    Title         = {A theory of multiclass boosting},
    Volume        = {14},
    Year          = {2013},
}

@Article{Zhang-Jung-Tewari-2018,
    Author        = {Daniel Zhang and Young Hun Jung and Ambuj Tewari},
    Journal       = {arXiv preprint arXiv:1810.05290},
    Title         = {Online Multiclass Boosting with Bandit Feedback},
    Year          = {2018},
}

@InCollection{Blum-Rivest-1993,
    Author        = {Avrim L. Blum and Ronald L. Rivest},
    Booktitle     = {Machine learning: From theory to applications},
    Pages         = {9--28},
    Publisher     = {Springer},
    Title         = {Training a 3-node neural network is {NP-complete}},
    Year          = {1993},
}

@InCollection{Langford-Zhang-2008,
    Author        = {John Langford and Tong Zhang},
    Booktitle     = {NIPS 20},
    Pages         = {817--824},
    Title         = {The Epoch-Greedy Algorithm for Multi-armed Bandits with Side Information},
    Year          = {2008},
}

@InProceedings{Abernethy-Rakhlin-2009,
    Author        = {Jacob Abernethy and Alexander Rakhlin},
    Booktitle     = {Proceedings of the 22nd Annual Conference on Learning Theory (COLT 2009)},
    Title         = {An Efficient Bandit Algorithm for $\sqrt{T}$-regret in Online Multiclass Prediction?},
    Year          = {2009},
}

@InProceedings{Beygelzimer-Orabona-Zhang-2017,
    Author        = {Alina Beygelzimer and Francesco Orabona and Chicheng Zhang},
    Booktitle     = {International Conference on Machine Learning},
    Pages         = {488--497},
    Title         = {Efficient Online Bandit Multiclass Learning with {$\widetilde O(\sqrt{T})$} Regret},
    Year          = {2017},
}

@InProceedings{Chen-Chen-Zhang-Chen-Zhang-2009,
    Author        = {Guangyun Chen and Gang Chen and Jianwen Zhang and Shuo Chen and Changshui Zhang},
    Booktitle     = {Ninth IEEE International Conference on Data Mining, 2009 (ICDM 2009)},
    Organization  = {IEEE},
    Pages         = {71--80},
    Title         = {Beyond banditron: A conservative and efficient reduction for online multiclass prediction with bandit setting model},
    Year          = {2009},
}

@InProceedings{Chen-Lin-Lu-2014,
    Address       = {Bejing, China},
    Author        = {Shang-Tse Chen and Hsuan-Tien Lin and Chi-Jen Lu},
    Booktitle     = {Proceedings of the 31st International Conference on Machine Learning},
    Editor        = {Eric P. Xing and Tony Jebara},
    Month         = {22--24 Jun},
    Number        = {1},
    Pages         = {342--350},
    Publisher     = {PMLR},
    Series        = {Proceedings of Machine Learning Research},
    Title         = {Boosting with Online Binary Learners for the Multiclass Bandit Problem},
    Volume        = {32},
    Year          = {2014},
}

@InProceedings{Foster-Kale-Luo-Mohri-Sridharan-2018,
    Author        = {Dylan J. Foster and Satyen Kale and Haipeng Luo and Mehryar Mohri and Karthik Sridharan},
    Booktitle     = {Proceedings of the 31st Conference On Learning Theory (COLT 2018)},
    Editor        = {S\'ebastien Bubeck and Vianney Perchet and Philippe Rigollet},
    Month         = {06--09 Jul},
    Pages         = {167--208},
    Publisher     = {PMLR},
    Series        = {Proceedings of Machine Learning Research},
    Title         = {Logistic Regression: The Importance of Being Improper},
    Volume        = {75},
    Year          = {2018},
}

@InProceedings{Foster-Krishnamurthy-2018,
    Author        = {Dylan Foster and Akshay Krishnamurthy},
    Booktitle     = {Advances in Neural Information Processing Systems},
    Title         = {Contextual bandits with surrogate losses: Margin bounds and efficient algorithms},
    Year          = {2018},
}

@InProceedings{Hazan-Kale-2011,
    Author        = {Elad Hazan and Satyen Kale},
    Booktitle     = {Advances in neural information processing systems},
    Pages         = {891--899},
    Title         = {Newtron: An efficient bandit algorithm for online multiclass prediction},
    Year          = {2011},
}

@InProceedings{Kakade-Shalev-Shwartz-Tewari-2008,
    Author        = {Sham M. Kakade and Shai Shalev-Shwartz and Ambuj Tewari},
    Booktitle     = {Proceedings of the 25th International Conference on Machine Learning},
    Organization  = {ACM},
    Pages         = {440--447},
    Title         = {Efficient Bandit Algorithms for Online Multiclass Prediction},
    Year          = {2008},
}

@InProceedings{Orabona-Cesa-Bianchi-Gentile-2012,
    Author        = {Francesco Orabona and Nicolo Cesa-Bianchi and Claudio Gentile},
    Booktitle     = {Artificial Intelligence and Statistics (AISTATS 2012)},
    Pages         = {823--831},
    Title         = {Beyond logarithmic bounds in online learning},
    Year          = {2012},
}

@Book{Davidson-Donsig-2010,
    Author        = {Kenneth R. Davidson and Allen P. Donsig},
    Publisher     = {Springer},
    Title         = {Real analysis and Applications},
    Year          = {2010},
}

@Book{Mason-Handscomb-2002,
    Author        = {John C. Mason and David C. Handscomb},
    Publisher     = {Chapman and Hall/CRC},
    Title         = {Chebyshev polynomials},
    Year          = {2002},
}

@Book{Rudin-1976,
    Author        = {Walter Rudin},
    Edition       = {3rd},
    Publisher     = {McGraw-Hill},
    Title         = {Principles of Mathematical Analysis},
    Year          = {1976},
}

@Book{Scholkopf-Smola-2002,
    Author        = {Bernhard Sch{\"o}lkopf and Alexander J. Smola},
    Publisher     = {MIT Press},
    Title         = {Learning with Kernels: Support Vector Machines, Regularization, Optimization, and Beyond},
    Year          = {2002},
}

@Book{Shawe-Taylor-Cristianini-2004,
    Author        = {John Shawe-Taylor and Nello Cristianini},
    Publisher     = {Cambridge university press},
    Title         = {Kernel methods for pattern analysis},
    Year          = {2004},
}
