 @Manual{Orabona09,
                 author = {Francesco Orabona},
                 title  = {{DOGMA}: a {MATLAB} toolbox for Online Learning},
                 year   = {2009},
                 note   = {Software available at \url{http://dogma.sourceforge.net}}
}

@Article{Arora-Babai-Stern-Sweedyk-1997,
    Author        = {Sanjeev Arora and L{\'a}szl{\'o} Babai and Jacques Stern and Z Sweedyk},
    Journal       = {Journal of Computer and System Sciences},
    Number        = {2},
    Pages         = {317--331},
    Publisher     = {Elsevier},
    Title         = {The hardness of approximate optima in lattices, codes, and systems of linear equations},
    Volume        = {54},
    Year          = {1997},
}

@Article{Auer-2003,
    Address       = {Philadelphia, PA, USA},
    Author        = {P. Auer and N. Cesa-Bianchi and Y. Freund and R. E. Schapire},
    Journal       = {SIAM J. Comput.},
    Month         = {January},
    Number        = {1},
    Numpages      = {30},
    Pages         = {48--77},
    Publisher     = {Society for Industrial and Applied Mathematics},
    Title         = {The Nonstochastic Multiarmed Bandit Problem},
    Volume        = {32},
    Year          = {2003},
}

@Article{Auer-Long-1999,
    Author        = {Peter Auer and Philip M. Long},
    Journal       = {Machine Learning},
    Number        = {3},
    Pages         = {147--181},
    Publisher     = {Springer},
    Title         = {Structural results about on-line learning models with and without queries},
    Volume        = {36},
    Year          = {1999},
}

@Article{Beigel-Reingold-Spielman-1995,
    Author        = {Richard Beigel and Nick Reingold and Daniel Spielman},
    Journal       = {Journal of Computer and System Sciences},
    Number        = {2},
    Pages         = {191--202},
    Publisher     = {Elsevier},
    Title         = {{PP} is closed under intersection},
    Volume        = {50},
    Year          = {1995},
}

@Article{Crammer-Dekel-Keshet-Shalev-Shwartz-Singer-2006,
    Author        = {Koby Crammer and Ofer Dekel and Joseph Keshet and Shai Shalev-Shwartz and Yoram Singer},
    Journal       = {Journal of Machine Learning Research},
    Number        = {Mar},
    Pages         = {551--585},
    Title         = {Online passive-aggressive algorithms},
    Volume        = {7},
    Year          = {2006},
}

@Article{Crammer-Gentile-2013,
    Author        = {Koby Crammer and Claudio Gentile},
    Journal       = {Machine learning},
    Number        = {3},
    Pages         = {347--383},
    Publisher     = {Springer},
    Title         = {Multiclass classification with bandit feedback using adaptive regularization},
    Volume        = {90},
    Year          = {2013},
}

@Article{Crammer-Singer-2003,
    Author        = {Koby Crammer and Yoram Singer},
    Journal       = {Journal of Machine Learning Research},
    Number        = {Jan},
    Pages         = {951--991},
    Title         = {Ultraconservative online algorithms for multiclass problems},
    Volume        = {3},
    Year          = {2003},
}

@Article{Klivans-Servedio-2008,
    Author        = {Adam R. Klivans and Rocco A. Servedio},
    Journal       = {Journal of Computer and System Sciences},
    Number        = {1},
    Pages         = {35--48},
    Publisher     = {Elsevier},
    Title         = {Learning intersections of halfspaces with a margin},
    Volume        = {74},
    Year          = {2008},
}

@Article{Klivans-Servedio-2004,
    Author        = {Adam R. Klivans and Rocco A. Servedio},
    Title         = {Perceptron-Like Performance for Learning Intersections of Halfspaces},
    Journal       = {COLT},
    Volume        = {Open problem},
    Year          = {2004},
}

@Article{Long-1995,
    Author        = {Philip M. Long},
    Journal       = {IEEE Transactions on Neural Networks},
    Number        = {6},
    Pages         = {1556--1559},
    Publisher     = {IEEE},
    Title         = {On the sample complexity of PAC learning half-spaces against the uniform distribution},
    Volume        = {6},
    Year          = {1995},
}

@Article{Mukherjee-Schapire-2013,
    Author        = {Indraneel Mukherjee and Robert E. Schapire},
    Journal       = {Journal of Machine Learning Research},
    Number        = {Feb},
    Pages         = {437--497},
    Title         = {A theory of multiclass boosting},
    Volume        = {14},
    Year          = {2013},
}

@Article{Shalev-Shwartz-2012,
    Author        = {Shai Shalev-Shwartz},
    Journal       = {Foundations and Trends in Machine Learning},
    Number        = {2},
    Pages         = {107--194},
    Publisher     = {Now Publishers, Inc.},
    Title         = {Online learning and online convex optimization},
    Volume        = {4},
    Year          = {2012},
}

@Article{Shalev-Shwartz-Shamir-Sridharan-2011,
    Author        = {Shai Shalev-Shwartz and Ohad Shamir and Karthik Sridharan},
    Journal       = {SIAM Journal on Computing},
    Number        = {6},
    Pages         = {1623--1646},
    Publisher     = {SIAM},
    Title         = {Learning kernel-based halfspaces with the 0-1 loss},
    Volume        = {40},
    Year          = {2011},
}

@Article{Zhang-Jung-Tewari-2018,
    Author        = {Daniel Zhang and Young Hun Jung and Ambuj Tewari},
    Journal       = {arXiv preprint arXiv:1810.05290},
    Title         = {Online Multiclass Boosting with Bandit Feedback},
    Year          = {2018},
}

@InCollection{Blum-Rivest-1993,
    Author        = {Avrim L. Blum and Ronald L. Rivest},
    Booktitle     = {Machine learning: From theory to applications},
    Pages         = {9--28},
    Publisher     = {Springer},
    Title         = {Training a 3-node neural network is {NP-complete}},
    Year          = {1993},
}

@InProceedings{Abernethy-Rakhlin-2009,
    Author        = {Jacob Abernethy and Alexander Rakhlin},
    Booktitle     = {Proceedings of the 22nd Annual Conference on Learning Theory (COLT 2009)},
    Title         = {An Efficient Bandit Algorithm for $\sqrt{T}$-regret in Online Multiclass Prediction?},
    Year          = {2009},
}

@InProceedings{Agarwal-Hsu-Kale-Langford-Li-Schapire-2014,
    Author        = {Alekh Agarwal and Daniel Hsu and Satyen Kale and John Langford and Lihong Li and Robert Schapire},
    Booktitle     = {International Conference on Machine Learning (ICML 2014)},
    Title         = {Taming the monster: a fast and simple algorithm for contextual bandits},
    Year          = {2014},
}

@InProceedings{Beygelzimer-Orabona-Zhang-2017,
    Author        = {Alina Beygelzimer and Francesco Orabona and Chicheng Zhang},
    Booktitle     = {International Conference on Machine Learning},
    Pages         = {488--497},
    Title         = {Efficient Online Bandit Multiclass Learning with {$\widetilde O(\sqrt{T})$} Regret},
    Year          = {2017},
}

@InProceedings{Chen-Chen-Zhang-Chen-Zhang-2009,
    Author        = {Guangyun Chen and Gang Chen and Jianwen Zhang and Shuo Chen and Changshui Zhang},
    Booktitle     = {Ninth IEEE International Conference on Data Mining, 2009 (ICDM 2009)},
    Organization  = {IEEE},
    Pages         = {71--80},
    Title         = {Beyond banditron: A conservative and efficient reduction for online multiclass prediction with bandit setting model},
    Year          = {2009},
}

@InProceedings{Chen-Lin-Lu-2014,
    Address       = {Bejing, China},
    Author        = {Shang-Tse Chen and Hsuan-Tien Lin and Chi-Jen Lu},
    Booktitle     = {Proceedings of the 31st International Conference on Machine Learning},
    Editor        = {Eric P. Xing and Tony Jebara},
    Month         = {22--24 Jun},
    Number        = {1},
    Pages         = {342--350},
    Publisher     = {PMLR},
    Series        = {Proceedings of Machine Learning Research},
    Title         = {Boosting with Online Binary Learners for the Multiclass Bandit Problem},
    Volume        = {32},
    Year          = {2014},
}

@InProceedings{Daniely-Helbertal-2013,
    Author        = {Amit Daniely and Tom Helbertal},
    Booktitle     = {Conference on Learning Theory},
    Pages         = {93--104},
    Title         = {The price of bandit information in multiclass online classification},
    Year          = {2013},
}

@InProceedings{Dudik-Hsu-Kale-Karampatziakis-Langford-Reyzin-Zhang-2011,
    Author        = {Miroslav Dud\'ik and Daniel Hsu and Satyen Kale and Nikos Karampatziakis and John Langford and Lev Reyzin and Tong Zhang},
    Booktitle     = {{UAI} 2011},
    Pages         = {169--178},
    Title         = {Efficient Optimal Learning for Contextual Bandits},
    Year          = {2011},
}

@InProceedings{Foster-Kale-Luo-Mohri-Sridharan-2018,
    Author        = {Dylan J. Foster and Satyen Kale and Haipeng Luo and Mehryar Mohri and Karthik Sridharan},
    Booktitle     = {Proceedings of the 31st Conference On Learning Theory (COLT 2018)},
    Editor        = {S\'ebastien Bubeck and Vianney Perchet and Philippe Rigollet},
    Month         = {06--09 Jul},
    Pages         = {167--208},
    Publisher     = {PMLR},
    Series        = {Proceedings of Machine Learning Research},
    Title         = {Logistic Regression: The Importance of Being Improper},
    Volume        = {75},
    Year          = {2018},
}

@InProceedings{Foster-Krishnamurthy-2018,
    Author        = {Dylan Foster and Akshay Krishnamurthy},
    Booktitle     = {Advances in Neural Information Processing Systems},
    Title         = {Contextual bandits with surrogate losses: Margin bounds and efficient algorithms},
    Year          = {2018},
}

@InProceedings{Hazan-Kale-2011,
    Author        = {Elad Hazan and Satyen Kale},
    Booktitle     = {Advances in neural information processing systems},
    Pages         = {891--899},
    Title         = {Newtron: An efficient bandit algorithm for online multiclass prediction},
    Year          = {2011},
}

@InProceedings{Kakade-Shalev-Shwartz-Tewari-2008,
    Author        = {Sham M. Kakade and Shai Shalev-Shwartz and Ambuj Tewari},
    Booktitle     = {Proceedings of the 25th International Conference on Machine Learning},
    Organization  = {ACM},
    Pages         = {440--447},
    Title         = {Efficient Bandit Algorithms for Online Multiclass Prediction},
    Year          = {2008},
}

@InProceedings{Langford-Zhang-2008,
    Author        = {John Langford and Tong Zhang},
    Booktitle     = {NIPS 20},
    Pages         = {817--824},
    Title         = {The Epoch-Greedy Algorithm for Multi-armed Bandits with Side Information},
    Year          = {2008},
}

@InProceedings{Long-2017,
    Author        = {Philip M Long},
    Booktitle     = {International Conference on Algorithmic Learning Theory},
    Pages         = {3--10},
    Title         = {New bounds on the price of bandit feedback for mistake-bounded online multiclass learning},
    Year          = {2017},
}

@InProceedings{Orabona-Cesa-Bianchi-Gentile-2012,
    Author        = {Francesco Orabona and Nicolo Cesa-Bianchi and Claudio Gentile},
    Booktitle     = {Artificial Intelligence and Statistics (AISTATS 2012)},
    Pages         = {823--831},
    Title         = {Beyond logarithmic bounds in online learning},
    Year          = {2012},
}

@InProceedings{Rakhlin-Sridharan-2016,
    Author        = {Alexander Rakhlin and Karthik Sridharan},
    Booktitle     = {International Conference on Machine Learning (ICML 2016)},
    Pages         = {1977--1985},
    Title         = {{BISTRO}: An efficient relaxation-based method for contextual bandits},
    Year          = {2016},
}

@InProceedings{Syrgkanis-Krishnamurthy-Schapire-2016,
    Author        = {Vasilis Syrgkanis and Akshay Krishnamurthy and Robert Schapire},
    Booktitle     = {ICML},
    Pages         = {2159--2168},
    Title         = {Efficient Algorithms for Adversarial Contextual Learning},
    Year          = {2016},
}

@InProceedings{Syrgkanis-Luo-Krishnamurthy-Schapire-2016,
    Author        = {Vasilis Syrgkanis and Haipeng Luo and Akshay Krishnamurthy and Robert E Schapire},
    Booktitle     = {NIPS},
    Pages         = {3135--3143},
    Title         = {Improved regret bounds for oracle-based adversarial contextual bandits},
    Year          = {2016},
}

@InProceedings{Wang-Jin-Valizadegan-2010,
    Author        = {Shijun Wang and Rong Jin and Hamed Valizadegan},
    Booktitle     = {Proceedings of the Thirteenth International Conference on Artificial Intelligence and Statistics},
    Pages         = {900--907},
    Title         = {A potential-based framework for online multi-class learning with partial feedback},
    Year          = {2010},
}

@Book{Davidson-Donsig-2010,
    Author        = {Kenneth R. Davidson and Allen P. Donsig},
    Publisher     = {Springer},
    Title         = {Real analysis and Applications},
    Year          = {2010},
}

@Book{Garey-Johnson-1979,
    Author        = {Michael R. Garey and David S. Johnson},
    Publisher     = {Freeman},
    Title         = {Computers and intractability: A guide to the theory of {NP}-completeness},
    Year          = {1979},
}

@Book{Mason-Handscomb-2002,
    Author        = {John C. Mason and David C. Handscomb},
    Publisher     = {Chapman and Hall/CRC},
    Title         = {Chebyshev polynomials},
    Year          = {2002},
}

@Book{Rudin-1976,
    Author        = {Walter Rudin},
    Edition       = {3rd},
    Publisher     = {McGraw-Hill},
    Title         = {Principles of Mathematical Analysis},
    Year          = {1976},
}

@Book{Scholkopf-Smola-2002,
    Author        = {Bernhard Sch{\"o}lkopf and Alexander J. Smola},
    Publisher     = {MIT Press},
    Title         = {Learning with Kernels: Support Vector Machines, Regularization, Optimization, and Beyond},
    Year          = {2002},
}

@Book{Shawe-Taylor-Cristianini-2004,
    Author        = {John Shawe-Taylor and Nello Cristianini},
    Publisher     = {Cambridge university press},
    Title         = {Kernel methods for pattern analysis},
    Year          = {2004},
}

@article{Goel-Klivans-2017,
  title={Learning depth-three neural networks in polynomial time},
  author={Goel, Surbhi and Klivans, Adam},
  journal={arXiv preprint arXiv:1709.06010},
  year={2017}
}
