@Article{Crammer-Dekel-Keshet-Shalev-Shwartz-Singer-2006,
    Author        = {Koby Crammer and Ofer Dekel and Joseph Keshet and Shai Shalev-Shwartz and Yoram Singer},
    Journal       = {Journal of Machine Learning Research},
    Number        = {Mar},
    Pages         = {551--585},
    Title         = {Online passive-aggressive algorithms},
    Volume        = {7},
    Year          = {2006},
}

@InProceedings{Kakade-Shalev-Shwartz-Tewari-2008,
    Author        = {Sham M. Kakade and Shai Shalev-Shwartz and Ambuj Tewari},
    Booktitle     = {Proceedings of the 25th International Conference on Machine Learning},
    Organization  = {ACM},
    Pages         = {440--447},
    Title         = {Efficient Bandit Algorithms for Online Multiclass Prediction},
    Year          = {2008},
}
